<record><leader>00000cas a2200000 a 4500</leader><controlfield tag="001">11154656</controlfield><controlfield tag="008">840914d19761977ksuwr ne      0   a0eng d</controlfield><controlfield tag="009">3789</controlfield><datafield ind1=" " ind2=" " tag="010"><subfield code="a">sn 84029742 </subfield></datafield><datafield ind1=" " ind2=" " tag="040"><subfield code="a">KSH</subfield><subfield code="b">eng</subfield><subfield code="c">KSH</subfield><subfield code="d">NPT</subfield><subfield code="d">OCL</subfield></datafield><datafield ind1=" " ind2=" " tag="042"><subfield code="a">msc</subfield></datafield><datafield ind1="0" ind2="4" tag="245"><subfield code="a">The Holyrood gazette and the Bushton news.</subfield></datafield><datafield ind1=" " ind2=" " tag="260"><subfield code="a">Holyrood, Kan. :</subfield><subfield code="b">Mr. &amp; Mrs. Karl K. Gaston,</subfield><subfield code="c">1976-1977.</subfield></datafield><datafield ind1=" " ind2=" " tag="300"><subfield code="a">1 v. :</subfield><subfield code="b">ill. ;</subfield><subfield code="c">57 cm.</subfield></datafield><datafield ind1=" " ind2=" " tag="310"><subfield code="a">Weekly</subfield></datafield><datafield ind1="0" ind2=" " tag="362"><subfield code="a">Vol. 57, no. 38 (Oct. 20, 1976)-v. 57, no. 52 (Jan. 26, 1977).</subfield></datafield><datafield ind1=" " ind2=" " tag="752"><subfield code="a">United States</subfield><subfield code="b">Kansas</subfield><subfield code="c">Ellsworth</subfield><subfield code="d">Holyrood.</subfield></datafield><datafield ind1="0" ind2="4" tag="780"><subfield code="t">Holyrood gazette</subfield><subfield code="w">(DLC)sn 84029741</subfield></datafield><datafield ind1="0" ind2="4" tag="780"><subfield code="t">Bushton news</subfield><subfield code="w">(DLC)sn 84029716</subfield></datafield><datafield ind1="0" ind2="0" tag="785"><subfield code="t">Holyrood Bushton news/gazette</subfield><subfield code="w">(DLC)sn 84029743</subfield></datafield></record>